<record><leader>00000cas a22000007a 4500</leader><controlfield tag="001">31764570</controlfield><controlfield tag="008">950104d19371980azuwr ne      0    0eng d</controlfield><datafield ind1=" " ind2=" " tag="010"><subfield code="a">sn 94050649 </subfield></datafield><datafield ind1=" " ind2=" " tag="040"><subfield code="a">ANN</subfield><subfield code="b">eng</subfield><subfield code="c">ANN</subfield><subfield code="d">OCLCO</subfield></datafield><datafield ind1="1" ind2=" " tag="029"><subfield code="a">AU@</subfield><subfield code="b">000011501105</subfield></datafield><datafield ind1=" " ind2=" " tag="042"><subfield code="a">msc</subfield></datafield><datafield ind1=" " ind2=" " tag="043"><subfield code="a">n-us-az</subfield></datafield><datafield ind1="0" ind2="0" tag="245"><subfield code="a">Northern Yavapai record.</subfield></datafield><datafield ind1="0" ind2="0" tag="246"><subfield code="a">Northern Arizona record</subfield></datafield><datafield ind1=" " ind2=" " tag="260"><subfield code="a">Ash Fork, Ariz. :</subfield><subfield code="b">F.E. Wells,</subfield><subfield code="c">1937-1980.</subfield></datafield><datafield ind1=" " ind2=" " tag="300"><subfield code="a">v. :</subfield><subfield code="b">ill.</subfield></datafield><datafield ind1=" " ind2=" " tag="310"><subfield code="a">Weekly</subfield></datafield><datafield ind1="0" ind2=" " tag="362"><subfield code="a">Vol. 1, no. 20 (Mar. 19, 1937)-v. 43, no. 4 (Oct. 30, 1980).</subfield></datafield><datafield ind1=" " ind2=" " tag="500"><subfield code="a">Official paper of Northern Yavapai County.</subfield></datafield><datafield ind1=" " ind2=" " tag="515"><subfield code="a">Numbering irregular, &lt;1969-1972&gt;.</subfield></datafield><datafield ind1=" " ind2=" " tag="530"><subfield code="a">Available on microfilm from the State of Arizona, Dept. of Libary, Archives and Public Records.</subfield></datafield><datafield ind1=" " ind2="0" tag="651"><subfield code="a">Willians (Ariz.)</subfield><subfield code="v">Newspapers.</subfield></datafield><datafield ind1=" " ind2="4" tag="651"><subfield code="a">Ash Fork (Ariz.)</subfield><subfield code="v">Newspapers.</subfield></datafield><datafield ind1=" " ind2="0" tag="651"><subfield code="a">Seligman (Ariz.)</subfield><subfield code="v">Newspapers.</subfield></datafield><datafield ind1=" " ind2="0" tag="651"><subfield code="a">Grand Canyon (Ariz.)</subfield><subfield code="v">Newspapers.</subfield></datafield><datafield ind1=" " ind2="0" tag="651"><subfield code="a">Yavapai County (Ariz.)</subfield><subfield code="v">Newspapers.</subfield></datafield><datafield ind1=" " ind2="0" tag="651"><subfield code="a">Coconino County (Ariz.)</subfield><subfield code="v">Newspapers.</subfield></datafield><datafield ind1=" " ind2=" " tag="752"><subfield code="a">United States</subfield><subfield code="b">Arizona</subfield><subfield code="c">Coconino</subfield><subfield code="d">Ash Fork.</subfield></datafield><datafield ind1="0" ind2="0" tag="780"><subfield code="a">Northern Arizona record</subfield><subfield code="w">(DLC)sn 2002060044</subfield></datafield><datafield ind1="0" ind2="4" tag="785"><subfield code="t">Williams news</subfield><subfield code="w">(DLC)sn 82015761</subfield></datafield><datafield ind1=" " ind2=" " tag="936"><subfield code="a">Vol. 1, no. 20 (Mar. 19, 1937)LIC</subfield></datafield></record>